@Book{ nla.cat-vn4185009,
author = { United States. },
title = { Electronic Fingerprint Transmission Specification [electronic resource] },
publisher = { U.S. Dept. of Justice, Federal Bureau of Investigation, Criminal Justice Information Services Division, [Washington, D.C.] : },
year = { 1999 },
type = { Book, Online },
language = { English },
subjects = { Fingerprints.; Criminal investigation - United States. },
life-dates = { 1999 -  },
catalogue-url = { http://nla.gov.au/nla.cat-vn4185009 },
}

@unpublished{	  finger.00.jain,
  Author	= {Anil K. Jain},
  Institution	= {Michigan State University},
  Howpublished	= {University Lecture},
  Year		= {2004},
  Title		= {Fingerprint Recognition}
}

@unpublished{	  david,
  Author	= {Alessandro Farina, M. Kovacs-Vajna, Alberto Leone},
  Institution	= {University of Bologna},
  Howpublished	= {University Lecture},
  Year		= {1998},
  Title		= {Fingerprint Minutiae Extraction from Skeletonized Binary Images}
}
